
@article{aho1981,
  title = {Inferring a {{Tree}} from {{Lowest Common Ancestors}} with an {{Application}} to the {{Optimization}} of {{Relational Expressions}}},
  author = {Aho, A. V. and Sagiv, Y. and Szymanski, T. G. and Ullman, J. D.},
  year = {1981},
  month = aug,
  volume = {10},
  pages = {405--421},
  issn = {0097-5397, 1095-7111},
  doi = {10.1137/0210030},
  journal = {SIAM Journal on Computing},
  language = {en},
  number = {3}
}

@article{bocker1998,
  title = {Recovering {{Symbolically Dated}}, {{Rooted Trees}} from {{Symbolic Ultrametrics}}},
  author = {B{\"o}cker, Sebastian and Dress, Andreas W.M.},
  year = {1998},
  month = sep,
  volume = {138},
  pages = {105--125},
  issn = {00018708},
  doi = {10.1006/aima.1998.1743},
  journal = {Advances in Mathematics},
  language = {en},
  number = {1}
}

@article{bork1998,
  title = {Predicting Function: From Genes to Genomes and Back 1 {{1Edited}} by {{P}}. {{E}}. {{Wright}}},
  shorttitle = {Predicting Function},
  author = {Bork, Peer and Dandekar, Thomas and {Diaz-Lazcoz}, Yolande and Eisenhaber, Frank and Huynen, Martijn and Yuan, Yanping},
  year = {1998},
  month = nov,
  volume = {283},
  pages = {707--725},
  issn = {00222836},
  doi = {10.1006/jmbi.1998.2144},
  journal = {Journal of Molecular Biology},
  language = {en},
  number = {4}
}

@article{buneman1974,
  title = {A Note on the Metric Properties of Trees},
  author = {Buneman, Peter},
  year = {1974},
  month = aug,
  volume = {17},
  pages = {48--50},
  issn = {00958956},
  doi = {10.1016/0095-8956(74)90047-1},
  journal = {Journal of Combinatorial Theory, Series B},
  language = {en},
  number = {1}
}

@article{deng2016,
  title = {Fast {{Compatibility Testing}} for {{Rooted Phylogenetic Trees}}},
  author = {Deng, Yu and {Fern{\'a}ndez-Baca}, David},
  year = {2016},
  pages = {12 pages},
  doi = {10.4230/LIPICS.CPM.2016.12},
  collaborator = {Herbstritt, Marc},
  keywords = {000 Computer science; knowledge; general works,Computer Science},
  language = {en}
}

@book{diestel2017,
  title = {Graph Theory},
  author = {Diestel, Reinhard},
  year = {2017},
  publisher = {{Springer Berlin Heidelberg}},
  address = {{New York, NY}},
  isbn = {978-3-662-53621-6}
}

@article{fitch2000,
  title = {Homology},
  author = {Fitch, Walter M.},
  year = {2000},
  month = may,
  volume = {16},
  pages = {227--231},
  issn = {01689525},
  doi = {10.1016/S0168-9525(00)02005-9},
  journal = {Trends in Genetics},
  language = {en},
  number = {5}
}

@article{geiss2019a,
  title = {Best Match Graphs},
  author = {Gei{\ss}, Manuela and Ch{\'a}vez, Edgar and Gonz{\'a}lez Laffitte, Marcos and L{\'o}pez S{\'a}nchez, Alitzel and Stadler, B{\"a}rbel M. R. and Valdivia, Dulce I. and Hellmuth, Marc and Hern{\'a}ndez Rosales, Maribel and Stadler, Peter F.},
  year = {2019},
  month = jun,
  volume = {78},
  pages = {2015--2057},
  issn = {0303-6812, 1432-1416},
  doi = {10.1007/s00285-019-01332-9},
  journal = {Journal of Mathematical Biology},
  language = {en},
  number = {7}
}

@article{geiss2020b,
  title = {Reciprocal Best Match Graphs},
  author = {Gei{\ss}, Manuela and Stadler, Peter F. and Hellmuth, Marc},
  year = {2020},
  month = feb,
  volume = {80},
  pages = {865--953},
  issn = {0303-6812, 1432-1416},
  doi = {10.1007/s00285-019-01444-2},
  journal = {Journal of Mathematical Biology},
  language = {en},
  number = {3}
}

@article{geiss2020c,
  title = {Best Match Graphs and Reconciliation of Gene Trees with Species Trees},
  author = {Gei{\ss}, Manuela and Laffitte, Marcos E. Gonz{\'a}lez and S{\'a}nchez, Alitzel L{\'o}pez and Valdivia, Dulce I. and Hellmuth, Marc and Rosales, Maribel Hern{\'a}ndez and Stadler, Peter F.},
  year = {2020},
  month = jan,
  issn = {0303-6812, 1432-1416},
  doi = {10.1007/s00285-020-01469-y},
  journal = {Journal of Mathematical Biology},
  language = {en}
}

@article{gordon1987,
  title = {A {{Review}} of {{Hierarchical Classification}}},
  author = {Gordon, A. D.},
  year = {1987},
  volume = {150},
  pages = {119},
  issn = {00359238},
  doi = {10.2307/2981629},
  journal = {Journal of the Royal Statistical Society. Series A (General)},
  number = {2}
}

@article{hellmuth2015,
  title = {Phylogenomics with Paralogs},
  author = {Hellmuth, Marc and Wieseke, Nicolas and Lechner, Marcus and Lenhof, Hans-Peter and Middendorf, Martin and Stadler, Peter F.},
  year = {2015},
  month = feb,
  volume = {112},
  pages = {2058--2063},
  issn = {0027-8424, 1091-6490},
  doi = {10.1073/pnas.1412770112},
  journal = {Proceedings of the National Academy of Sciences},
  language = {en},
  number = {7}
}

@incollection{hellmuth2016,
  title = {From {{Sequence Data Including Orthologs}}, {{Paralogs}}, and {{Xenologs}} to {{Gene}} and {{Species Trees}}},
  booktitle = {Evolutionary {{Biology}}},
  author = {Hellmuth, Marc and Wieseke, Nicolas},
  editor = {Pontarotti, Pierre},
  year = {2016},
  pages = {373--392},
  publisher = {{Springer International Publishing}},
  address = {{Cham}},
  doi = {10.1007/978-3-319-41324-2_21},
  isbn = {978-3-319-41323-5 978-3-319-41324-2},
  language = {en}
}

@inproceedings{henzinger1995,
  title = {Randomized Dynamic Graph Algorithms with Polylogarithmic Time per Operation},
  booktitle = {Proceedings of the Twenty-Seventh Annual {{ACM}} Symposium on {{Theory}} of Computing  - {{STOC}} '95},
  author = {Henzinger, Monika Rauch and King, Valerie},
  year = {1995},
  pages = {519--527},
  publisher = {{ACM Press}},
  address = {{Las Vegas, Nevada, United States}},
  doi = {10.1145/225058.225269},
  isbn = {978-0-89791-718-6},
  language = {en}
}

@article{hernandez-rosales2012,
  title = {From Event-Labeled Gene Trees to Species Trees},
  author = {{Hernandez-Rosales}, Maribel and Hellmuth, Marc and Wieseke, Nicolas and Huber, Katharina T and Moulton, Vincent and Stadler, Peter F},
  year = {2012},
  month = dec,
  volume = {13},
  issn = {1471-2105},
  doi = {10.1186/1471-2105-13-S19-S6},
  journal = {BMC Bioinformatics},
  language = {en},
  number = {S19}
}

@article{holm2001,
  title = {Poly-Logarithmic Deterministic Fully-Dynamic Algorithms for Connectivity, Minimum Spanning Tree, 2-Edge, and Biconnectivity},
  author = {Holm, Jacob and {de Lichtenberg}, Kristian and Thorup, Mikkel},
  year = {2001},
  month = jul,
  volume = {48},
  pages = {723--760},
  issn = {00045411},
  doi = {10.1145/502090.502095},
  journal = {Journal of the ACM},
  number = {4}
}

@article{lafond2018,
  title = {Accurate Prediction of Orthologs in the Presence of Divergence after Duplication},
  author = {Lafond, Manuel and Meghdari Miardan, Mona and Sankoff, David},
  year = {2018},
  month = jul,
  volume = {34},
  pages = {i366-i375},
  issn = {1367-4803, 1460-2059},
  doi = {10.1093/bioinformatics/bty242},
  journal = {Bioinformatics},
  language = {en},
  number = {13}
}

@article{lechner2011,
  title = {Proteinortho: {{Detection}} of ({{Co}}-)Orthologs in Large-Scale Analysis},
  shorttitle = {Proteinortho},
  author = {Lechner, Marcus and Findei{\ss}, Sven and Steiner, Lydia and Marz, Manja and Stadler, Peter F and Prohaska, Sonja J},
  year = {2011},
  month = dec,
  volume = {12},
  issn = {1471-2105},
  doi = {10.1186/1471-2105-12-124},
  journal = {BMC Bioinformatics},
  language = {en},
  number = {1}
}

@article{overbeek1999,
  title = {The Use of Gene Clusters to Infer Functional Coupling},
  author = {Overbeek, R. and Fonstein, M. and D'Souza, M. and Pusch, G. D. and Maltsev, N.},
  year = {1999},
  month = mar,
  volume = {96},
  pages = {2896--2901},
  issn = {0027-8424, 1091-6490},
  doi = {10.1073/pnas.96.6.2896},
  journal = {Proceedings of the National Academy of Sciences},
  language = {en},
  number = {6}
}

@book{semple2003,
  title = {Phylogenetics},
  author = {Semple, Charles and Steel, M. A.},
  year = {2003},
  publisher = {{Oxford University Press}},
  address = {{Oxford ; New York}},
  isbn = {978-0-19-850942-4},
  keywords = {Cladistic analysis,Evolutionary genetics,Mathematics},
  lccn = {QH83 .S45 2003},
  number = {24},
  series = {Oxford Lecture Series in Mathematics and Its Applications}
}

@article{simoespereira1969,
  title = {A Note on the Tree Realizability of a Distance Matrix},
  author = {Sim{\~o}es Pereira, J.M.S.},
  year = {1969},
  month = apr,
  volume = {6},
  pages = {303--310},
  issn = {00219800},
  doi = {10.1016/S0021-9800(69)80092-X},
  journal = {Journal of Combinatorial Theory},
  language = {en},
  number = {3}
}

@article{stadler2020,
  title = {From {{Best Hits}} to {{Best Matches}}},
  author = {Stadler, Peter F. and Gei{\ss}, Manuela and Schaller, David and S{\'a}nchez, Alitzel L{\'o}pez and Gonz{\'a}lez, Marcos E. and Valdivia, Dulce I. and Hellmuth, Marc and Rosales, Maribel Hern{\'a}ndez},
  year = {2020},
  month = jan,
  archivePrefix = {arXiv},
  eprint = {2001.00958},
  eprinttype = {arxiv},
  journal = {arXiv:2001.00958 [q-bio]},
  keywords = {Quantitative Biology - Populations and Evolution},
  primaryClass = {q-bio}
}

@article{tatusov1997,
  title = {A {{Genomic Perspective}} on {{Protein Families}}},
  author = {Tatusov, R. L.},
  year = {1997},
  month = oct,
  volume = {278},
  pages = {631--637},
  issn = {00368075, 10959203},
  doi = {10.1126/science.278.5338.631},
  journal = {Science},
  number = {5338}
}


